<record><leader>00000cas a2200000 a 4500</leader><controlfield tag="001">11583426</controlfield><controlfield tag="008">850115d18881890ksuwr ne      0   a0eng d</controlfield><datafield ind1=" " ind2=" " tag="010"><subfield code="a">sn 84030609 </subfield></datafield><datafield ind1=" " ind2=" " tag="040"><subfield code="a">KSH</subfield><subfield code="b">eng</subfield><subfield code="c">KSH</subfield><subfield code="d">NPT</subfield><subfield code="d">OCL</subfield><subfield code="d">OCLCQ</subfield></datafield><datafield ind1=" " ind2=" " tag="042"><subfield code="a">msc</subfield></datafield><datafield ind1="0" ind2=" " tag="130"><subfield code="a">Newton weekly journal (Newton, Kan. : 1888)</subfield></datafield><datafield ind1="1" ind2="4" tag="245"><subfield code="a">The Newton weekly journal.</subfield></datafield><datafield ind1=" " ind2=" " tag="260"><subfield code="a">Newton, Kan. :</subfield><subfield code="b">Jno. A. Reynolds,</subfield><subfield code="c">1888-1890.</subfield></datafield><datafield ind1=" " ind2=" " tag="300"><subfield code="a">1 v. :</subfield><subfield code="b">ill. ;</subfield><subfield code="c">65 cm.</subfield></datafield><datafield ind1=" " ind2=" " tag="310"><subfield code="a">Weekly</subfield></datafield><datafield ind1="0" ind2=" " tag="362"><subfield code="a">Vol. 1, no. 46 (Dec. 21, 1888)-v. 2, no. 52 (Jan. 31, 1890).</subfield></datafield><datafield ind1=" " ind2=" " tag="500"><subfield code="a">"Only democratic paper in the County."</subfield></datafield><datafield ind1=" " ind2=" " tag="752"><subfield code="a">United States</subfield><subfield code="b">Kansas</subfield><subfield code="c">Harvey</subfield><subfield code="d">Newton.</subfield></datafield><datafield ind1="0" ind2="0" tag="780"><subfield code="t">Kansas chronicle</subfield><subfield code="w">(DLC)sn 84030610</subfield></datafield><datafield ind1="0" ind2="0" tag="785"><subfield code="t">Weekly journal (Newton, Kan.)</subfield><subfield code="w">(DLC)sn 84030608</subfield></datafield></record>